[

  {"month": "2009-01", "revenue": 35.64},

  { "month": "2009-02", "revenue": 37.62 },

  { "month": "2009-03", "revenue": 37.62 },

  { "month": "2009-04", "revenue": 37.62 },

  { "month": "2009-05", "revenue": 37.62 },

  { "month": "2009-06", "revenue": 37.62 },

  { "month": "2009-07", "revenue": 37.62 },

  { "month": "2009-08", "revenue": 37.62 },

  { "month": "2009-09", "revenue": 37.62 },

  { "month": "2009-10", "revenue": 37.62 },

  { "month": "2009-11", "revenue": 37.62 },

  { "month": "2009-12", "revenue": 37.62 },

  { "month": "2010-01", "revenue": 52.62 },

  { "month": "2010-02", "revenue": 46.62 },

  { "month": "2010-03", "revenue": 44.62 },

  { "month": "2010-04", "revenue": 37.62 },

  { "month": "2010-05", "revenue": 37.62 },

  { "month": "2010-06", "revenue": 37.62 },

  { "month": "2010-07", "revenue": 37.62 },

  { "month": "2010-08", "revenue": 37.62 },

  { "month": "2010-09", "revenue": 36.63 },

  { "month": "2010-10", "revenue": 37.62 },

  { "month": "2010-11", "revenue": 37.62 },

  { "month": "2010-12", "revenue": 37.62 },

  { "month": "2011-01", "revenue": 37.62 },

  { "month": "2011-02", "revenue": 37.62 },

  { "month": "2011-03", "revenue": 37.62 },

  { "month": "2011-04", "revenue": 51.62 },

  { "month": "2011-05", "revenue": 42.62 },

  { "month": "2011-06", "revenue": 50.62 },

  { "month": "2011-07", "revenue": 37.62 },

  { "month": "2011-08", "revenue": 37.62 },

  { "month": "2011-09", "revenue": 37.62 },

  { "month": "2011-10", "revenue": 37.62 },

  { "month": "2011-11", "revenue": 23.76 },

  { "month": "2011-12", "revenue": 37.62 },

  { "month": "2012-01", "revenue": 37.62 },

  { "month": "2012-02", "revenue": 37.62 },

  { "month": "2012-03", "revenue": 37.62 },

  { "month": "2012-04", "revenue": 37.62 },

  { "month": "2012-05", "revenue": 37.62 },

  { "month": "2012-06", "revenue": 37.62 },

  { "month": "2012-07", "revenue": 39.62 },

  { "month": "2012-08", "revenue": 47.62 },

  { "month": "2012-09", "revenue": 46.71 },

  { "month": "2012-10", "revenue": 42.62 },

  { "month": "2012-11", "revenue": 37.62 },

  { "month": "2012-12", "revenue": 37.62 },

  { "month": "2013-01", "revenue": 37.62 },

  { "month": "2013-02", "revenue": 27.72 },

  { "month": "2013-03", "revenue": 37.62 },

  { "month": "2013-04", "revenue": 33.66 },

  { "month": "2013-05", "revenue": 37.62 },

  { "month": "2013-06", "revenue": 37.62 },

  { "month": "2013-07", "revenue": 37.62 },

  { "month": "2013-08", "revenue": 37.62 },

  { "month": "2013-09", "revenue": 37.62 },

  { "month": "2013-10", "revenue": 37.62 },

  { "month": "2013-11", "revenue": 49.62 },

  { "month": "2013-12", "revenue": 38.62 }

]